<?xml version="1.0" encoding="UTF-8"?><record xmlns="http://www.loc.gov/MARC21/slim" xmlns:cinclude="http://apache.org/cocoon/include/1.0" xmlns:zs="http://www.loc.gov/zing/srw/">
  <leader>00547nz  a2200133n  4500</leader>
  <controlfield tag="001">no2010079816</controlfield>
  <controlfield tag="003">DLC</controlfield>
  <controlfield tag="005">20100515080207.0</controlfield>
  <controlfield tag="008">100513n| acannaabn           n aaa     c</controlfield>
  <datafield tag="010" ind1=" " ind2=" ">
    <subfield code="a">no2010079816</subfield>
  </datafield>
  <datafield tag="035" ind1=" " ind2=" ">
    <subfield code="a">(OCoLC)oca08493812</subfield>
  </datafield>
  <datafield tag="040" ind1=" " ind2=" ">
    <subfield code="a">PaPhCHF</subfield>
    <subfield code="b">eng</subfield>
    <subfield code="c">PaPhCHF</subfield>
  </datafield>
  <datafield tag="100" ind1="1" ind2=" ">
    <subfield code="a">Stephani, Johann Emanuel</subfield>
  </datafield>
  <datafield tag="670" ind1=" " ind2=" ">
    <subfield code="a">Henkelius in mineralogia redivivus, das ist: Hencklischer aufrichtig und gruĚndlicher Unterricht von der Mineralogie oder Wissenschafft von Wassern, ErdsaĚfften, Saltzen, Erden, Steinen und Ertzten, 1747:</subfield>
    <subfield code="b">t.p. (Johann Emanuel Stephani)</subfield>
  </datafield>
</record>